<record><leader>00000cas a2200000 a 4500</leader><controlfield tag="001">9521575</controlfield><controlfield tag="008">830518d18621864sduwr ne      0    0eng c</controlfield><datafield ind1=" " ind2=" " tag="010"><subfield code="a">sn 83025475 </subfield></datafield><datafield ind1=" " ind2=" " tag="040"><subfield code="a">NPV</subfield><subfield code="b">eng</subfield><subfield code="c">NPV</subfield><subfield code="d">DLC</subfield><subfield code="d">NVG</subfield><subfield code="d">SXN</subfield><subfield code="d">CUI</subfield><subfield code="d">OCLCQ</subfield><subfield code="d">OCLCA</subfield><subfield code="d">OCLCF</subfield></datafield><datafield ind1="1" ind2=" " tag="029"><subfield code="a">AU@</subfield><subfield code="b">000020124613</subfield></datafield><datafield ind1=" " ind2=" " tag="042"><subfield code="a">pcc</subfield></datafield><datafield ind1=" " ind2=" " tag="043"><subfield code="a">n-us-sd</subfield></datafield><datafield ind1=" " ind2="4" tag="050"><subfield code="a">AN</subfield></datafield><datafield ind1="0" ind2="4" tag="245"><subfield code="a">The Dakotian.</subfield></datafield><datafield ind1=" " ind2=" " tag="260"><subfield code="a">Yankton, Dakota Territory [S.D.] :</subfield><subfield code="b">Josiah C. Trask</subfield></datafield><datafield ind1=" " ind2=" " tag="300"><subfield code="a">v.</subfield></datafield><datafield ind1=" " ind2=" " tag="310"><subfield code="a">Weekly</subfield></datafield><datafield ind1="1" ind2=" " tag="362"><subfield code="a">Began in 1862; ceased in 1864.</subfield></datafield><datafield ind1=" " ind2=" " tag="500"><subfield code="a">Editors: &lt;Apr. 1-8, 1862&gt;, Josiah C. Trask; &lt;June 3, 1862&gt;-July 14, 1863, George W. Kingsbury; July 28-Nov. 24, 1863, Dakotian Co.; Dec. 1, 1863-Oct. 22, 1864, Albert Gore.</subfield></datafield><datafield ind1=" " ind2=" " tag="515"><subfield code="a">Publication suspended after Oct. 22 until Nov. 12, 1864.</subfield></datafield><datafield ind1=" " ind2=" " tag="530"><subfield code="a">Available on microfilm from: State Archives, South Dakota State Historical Society.</subfield></datafield><datafield ind1=" " ind2=" " tag="580"><subfield code="a">Merged with: Dakota weekly union, to form: Union Dakotaian.</subfield></datafield><datafield ind1=" " ind2=" " tag="588"><subfield code="a">Description based on: Vol. 1, no. 13 (Apr. 1, 1862).</subfield></datafield><datafield ind1=" " ind2="0" tag="651"><subfield code="a">Dakota Territory</subfield><subfield code="x">History</subfield><subfield code="v">Newspapers.</subfield></datafield><datafield ind1=" " ind2="0" tag="651"><subfield code="a">Yankton (S.D.)</subfield><subfield code="v">Newspapers.</subfield></datafield><datafield ind1=" " ind2="0" tag="651"><subfield code="a">Yankton County (S.D.)</subfield><subfield code="v">Newspapers.</subfield></datafield><datafield ind1=" " ind2="7" tag="655"><subfield code="a">History.</subfield><subfield code="2">fast</subfield><subfield code="0">(OCoLC)fst01411628</subfield></datafield><datafield ind1=" " ind2="7" tag="655"><subfield code="a">Newspapers.</subfield><subfield code="2">fast</subfield><subfield code="0">(OCoLC)fst01423814</subfield></datafield><datafield ind1=" " ind2="7" tag="651"><subfield code="a">South Dakota</subfield><subfield code="z">Yankton.</subfield><subfield code="2">fast</subfield><subfield code="0">(OCoLC)fst01228901</subfield></datafield><datafield ind1=" " ind2="7" tag="651"><subfield code="a">South Dakota</subfield><subfield code="z">Yankton County.</subfield><subfield code="2">fast</subfield><subfield code="0">(OCoLC)fst01207911</subfield></datafield><datafield ind1=" " ind2="7" tag="651"><subfield code="a">United States</subfield><subfield code="z">Dakota Territory.</subfield><subfield code="2">fast</subfield><subfield code="0">(OCoLC)fst01228148</subfield></datafield><datafield ind1=" " ind2=" " tag="752"><subfield code="a">United States</subfield><subfield code="b">South Dakota</subfield><subfield code="c">Yankton</subfield><subfield code="d">Yankton.</subfield></datafield><datafield ind1="0" ind2="8" tag="776"><subfield code="i">Online version:</subfield><subfield code="t">Dakotian (Online)</subfield><subfield code="w">(OCoLC)686761403</subfield></datafield><datafield ind1="0" ind2="0" tag="780"><subfield code="t">Weekly Dakotian</subfield><subfield code="w">(DLC)sn 83025474</subfield><subfield code="w">(OCoLC)6908452</subfield></datafield><datafield ind1="1" ind2="7" tag="785"><subfield code="t">Dakota weekly union</subfield><subfield code="w">(DLC)sn 83025473</subfield><subfield code="w">(OCoLC)6908442</subfield></datafield><datafield ind1="1" ind2="7" tag="785"><subfield code="t">Union Dakotaian</subfield><subfield code="w">(DLC)sn 83025476</subfield><subfield code="w">(OCoLC)9521739</subfield></datafield></record>